@book{womak:distributed-architecture-interactive-multiplayer,
    author  = {Ashwin R. Bharambe and Jeff Pang and Srinivasan Seshan},
    title   = {A Distributed Architecture for Interactive Multiplayer Games},
    publisher = {Carnegie Mellon University},
    year    = {2005}
}

@book{womak:distributed-game-engine-android,
	author  = {Davide Gadia and Dario Maggiorini and Davide Puopolo and Laura Anna Ripamonti and Luca Ziliani},
	title   = {A Distributed Game Engine for Mobile Games on the Android Platform},
	publisher = {University of Milan},
	year    = {2017}
}

@book{womak:multiplayer-distributed-state,
	author  = {Glen Berseth and Ravjot Singh},
	title   = {Asynchronous Real-time Multiplayer Game With	Distributed State},
	year    = {2015}
}

@book{womak:gregory-game-engine,
	author  = {Jason Gregory and Richard Lemarchand},
	title   = {Game Engine Architecture - second edition},
	publisher = {CRC Press},
	year    = {2015}
}

@book{womak:consistency-models-cloud-games,
	author  = {Ziqiang Diao},
	title   = {Consistency Models for Cloud-based Online Games:	the Storage Systemâ€™s Perspective},
	publisher = {Otto-von-Guericke University Magdeburg},
	year    = {2013}
}

@book{womak:distributed-cloud-gaming-pipeline,
	author  = {Laura Mazzuca},
	title   = {Distributed Cloud Gaming Pipeline},
	publisher = {Universidad Complutense de Madrid},
	year    = {2021-2022}
}

@book{womak:distributed-minecraft,
	author  = {Philipp Moll and Sebastian Theuermann and Hermann Hellwagner},
	title   = {Distributing the Game State of Online Games:	Towards an NDN Version of Minecraft},
	publisher = {Klagenfurt University},
	year    = {2019}
}

@book{womak:game-engines-survey,
	author  = {A. Andrade},
	title   = {Game engines: a survey},
	publisher = {EAI Endorsed Transactions on Game-Based Learning},
	year    = {2015}
}

@book{womak:game-engines-serious-game,
	author  = {Karzan Hussein Sharif and Siddeeq Yousif Ameen},
	title   = {Game Engines Evaluation for Serious Game	Development in Education},
	publisher = {Duhok Polytechnic University},
	year    = {2021}
}

@book{womak:game-engines-cloud-microservices,
	author  = {Qi Liu},
	title   = {Integrating Game Engines into the Mobile Cloud as Micro-services},
	publisher = {University of Saskatchewan},
	year    = {2018}
}

@book{womak:framerate-player-FPS,
	author  = {Kajal T. Claypool and Mark Claypool},
	title   = {On frame rate and player performance in first person shooter games},
	publisher = {Springer Multimedia Systems Journal (MMSJ)},
	year    = {2007}
}

@book{womak:performance-analysis-game-engine,
	author  = {Farouk Messaoudi and Adlen Ksentini and Gwendal Simon and Philippe Bertin},
	title   = {Performance Analysis of Game Engines on Mobile and Fixed Devices},
	publisher = {Association for Computing Machinery},
	year    = {2017}
}

@book{womak:rafting-multiplayer-games,
	author  = {Gabriele Pozzan and Tullio Vardanega},
	title   = {Rafting multiplayer video games},
	publisher = {University of Padua},
	year    = {2021}
}

@book{womak:revamping-cloud-games,
	author  = {Luigi De Giovanni and Davide Gadia and Paolo Giaccone and Dario Maggiorini and Claudio E. Palazzi and	Laura A. Ripamonti and German Sviridov},
	title   = {Revamping Cloud Gaming with Distributed Engines},
	publisher = {IEEE Internet Computing},
	year    = {2022}
}

@book{womak:smash-distributed-game-engine,
	author  = {Dario Maggiorini and Laura Anna Ripamonti and Eraldo Zanon and Claudio Enrico Palazzi and Armir Bujari},
	title   = {SMASH: a Distributed Game Engine Architecture},
	publisher = {IEEE Symposium on Computers and Communication (ISCC)},
	year    = {2016}
}

@book{womak:tame-efficient-task-allocation,
	author  = {Tianzhu Zhang and Carla Fabiana Chiasserini and Paolo Giaccone},
	title   = {TAME: an Efficient Task Allocation Algorithm for Integrated Mobile Gaming},
	publisher = {IEEE Systems Journal},
	year    = {2018}
}

@book{womak:player-latency-cloud,
	author  = {Mark Claypool and David Finkel},
	title   = {The effects of latency on player performance in cloud-based games},
	publisher = {Worcester Polytechnic Institute},
	year    = {2014}
}

@book{womak:user-tolerance-latency,
	author  = {Ransi Nilaksha De Silva and Wei Cheng and Wei Tsang Ooi and Shengdong Zhao},
	title   = {Towards Understanding User Tolerance	to Network Latency and Data Ratein Remote Viewing of Progressive Meshes},
	publisher = {National University of Singapore},
	year    = {2010}
}

@book{womak:scr-manual,
	author  = {Daniele Loiacono and Luigi Cardamone and Pier Luca Lanzi},
	title   = {Simulated Car Racing Championship: Competition Software Manual},
	publisher = {arXiv},
	year    = {2013}
}

@online{site:game-engine-wiki,
	title   = {Game engine - Wikipedia},
	url     = {https://en.wikipedia.org/wiki/Game_engine}
}

@online{site:docker-wiki,
	title   = {Docker - Wikipedia},
	url     = {https://en.wikipedia.org/wiki/Docker_(software)}
}

@online{site:docker-website,
	title   = {Docker - Website},
	url     = {https://www.docker.com/}
}

@online{site:docker-compose-doc,
	title   = {Docker-compose documentation},
	url     = {https://docs.docker.com/compose/}
}

@online{site:nvidia-docker-repo,
	title   = {Nvidia-docker repository},
	url     = {https://github.com/NVIDIA/nvidia-docker}
}

@online{site:nvidia-docker-doc,
	title   = {Nvidia-docker documentation},
	url     = {https://docs.nvidia.com/datacenter/cloud-native/container-toolkit/overview.html}
}

@online{site:etcd-website,
	title   = {ETCD website},
	url     = {https://etcd.io/}
}

@online{site:etcd-doc,
	title   = {ETCD documentation},
	url     = {https://etcd.io/docs/v3.5/}
}

@online{site:etcd-desc,
	title   = {General ETCD description},
	url     = {https://alibaba-cloud.medium.com/getting-started-with-kubernetes-etcd-a26cba0b4258}
}

@online{site:etcd-data-model,
	title   = {ETCD data model},
	url     = {https://etcd.io/docs/v3.4/learning/data_model/}
}

@online{site:etcd-faq,
	title   = {ETCD FAQ},
	url     = {https://etcd.io/docs/v3.3/faq/}
}

@online{site:state-machine-replication-wiki,
	title   = {State machine replication - Wikipedia},
	url     = {https://en.wikipedia.org/wiki/State_machine_replication}
}

@online{site:raft-consensus-algorithm,
	title   = {Raft Consensus Algorithm},
	url     = {https://www.geeksforgeeks.org/raft-consensus-algorithm/}
}

@online{site:consensus-wiki,
	title   = {Consensus (computer science) - Wikipedia},
	url     = {https://en.wikipedia.org/wiki/Consensus_(computer_science)}
}

@online{site:etcd-cpp-apiv3,
	title   = {ETCD C++ API},
	url     = {https://github.com/etcd-cpp-apiv3/etcd-cpp-apiv3}
}

@online{site:http-pipelining,
	title   = {HTTP pipelining - Wikipedia},
	url     = {https://it.wikipedia.org/wiki/HTTP_pipelining}
}

@online{site:etcd-docker,
	title   = {ETCD Docker guide},
	url     = {https://etcd.io/docs/v2.3/docker_guide/}
}

@online{site:etcd-maintenance,
	title   = {ETCD maintenance},
	url     = {https://etcd.io/docs/v3.2/op-guide/maintenance/}
}

@online{site:redis-doc,
	title   = {Redis documentation},
	url     = {https://redis.io/docs/}
}

@online{site:redis-clients,
	title   = {Redis clients},
	url     = {https://redis.io/resources/clients/}
}

@online{site:redis-plus-plus,
	title   = {Redis C++ API},
	url     = {https://github.com/sewenew/redis-plus-plus}
}

@online{site:redis-docker-guide,
	title   = {Redis Docker guide},
	url     = {https://redis.io/docs/stack/get-started/install/docker/}
}

@online{site:godot-github,
	title   = {Godot GitHub},
	url     = {https://github.com/godotengine/godot}
}

@online{site:godot-doc,
	title   = {Godot Documentation},
	url     = {https://docs.godotengine.org/en/stable/}
}

@online{site:godot-architecture,
	title   = {Godot Architecture},
	url     = {https://docs.godotengine.org/en/stable/development/cpp/introduction_to_godot_development.html}
}

@online{site:godot-modules,
	title   = {Godot Custom modules},
	url     = {https://docs.godotengine.org/en/stable/development/cpp/custom_modules_in_cpp.html}
}

@online{site:godot-servers,
	title   = {Godot servers},
	url     = {https://docs.godotengine.org/en/stable/development/cpp/custom_godot_servers.html}
}

@online{site:python-minecraft-github,
	title   = {Python Minecraft Clone Github},
	url     = {https://github.com/obiwac/python-minecraft-clone}
}

@online{site:python-minecraft-tutorial,
	title   = {Development tutorial of the Minecraft Clone},
	url     = {https://www.youtube.com/watch?v=YgvNuY8Iq6Q&list=PL6_bLxRDFzoKjaa3qCGkwR5L_ouSreaVP}
}

@online{site:minecraft-wiki,
	title   = {Minecraft - Wikipedia},
	url     = {https://it.wikipedia.org/wiki/Minecraft}
}

@online{site:flightgear-github,
	title   = {Flightgear Github},
	url     = {https://github.com/FlightGear/flightgear}
}

@online{site:flightgear-wiki,
	title   = {Flightgear Wiki},
	url     = {https://wiki.flightgear.org/Main_Page}
}

@online{site:flightgear-dev,
	title   = {Flightgear development},
	url     = {https://wiki.flightgear.org/Howto:Understand_the_FlightGear_development_process}
}

@online{site:flightgear-performance,
	title   = {Flightgear performance},
	url     = {https://wiki.flightgear.org/Troubleshooting_performance_issues}
}

@online{site:torcs-source,
	title   = {Torcs source code},
	url     = {https://sourceforge.net/projects/torcs/}
}

@online{site:torcs-website,
	title   = {Torcs official site},
	url     = {http://torcs.sourceforge.net/}
}

@online{site:mmo-wiki,
	title   = {MMO games - Wikipedia},
	url     = {https://it.wikipedia.org/wiki/Massively_multiplayer_online}
}

@online{site:docker-overview,
	title   = {Docker overview},
	url     = {https://docs.docker.com/get-started/overview}
}

@online{site:redis-replication,
	title   = {Redis replication},
	url     = {https://redis.io/docs/management/replication/}
}

@online{site:fofix-github,
	title   = {FoFix GitHub},
	url     = {https://github.com/fofix/fofix}
}

@online{site:patched-torcs,
	title   = {Patched TORCS GitHub},
	url     = {https://github.com/fmirus/torcs-1.3.7}
}

@online{site:pytorcs,
	title   = {PyTorcs GitHub},
	url     = {https://github.com/gerkone/pyTORCS-docker/tree/master/torcs}
}

@online{site:orbitdb,
	title   = {OrbitDB GitHub},
	url     = {https://github.com/orbitdb/orbit-db}
}